<?xml version="1.0" encoding="utf-8"?>
<record xmlns="http://www.loc.gov/MARC21/slim" xmlns:xsi="http://www.w3.org/2001/XMLSchema-instance" xsi:schemaLocation="http://www.loc.gov/MARC21/slim http://www.loc.gov/standards/marcxml/schema/MARC21slim.xsd">
	<leader>     nam a22     Mi 4500</leader>
	<controlfield tag="001">b14409549</controlfield>
	<controlfield tag="003">UaCaAUL</controlfield>
	<controlfield tag="006">m        d        </controlfield>
	<controlfield tag="007">cr cn |||m|||a</controlfield>
	<controlfield tag="008">191001m1912uuuuua      o     000 0 ara d</controlfield>
	<datafield ind1=" " ind2=" " tag="040">
		<subfield code="a">ZYU</subfield>
		<subfield code="b">ara</subfield>
		<subfield code="e">rda</subfield>
		<subfield code="c">ZYU</subfield>
	</datafield>
	<datafield ind1=" " ind2="4" tag="050">
		<subfield code="a">BP174.I176</subfield>
		<subfield code="b">N34x 1912</subfield>
	</datafield>
	<datafield ind1="1" ind2=" " tag="100">
		<subfield code="6">880-01</subfield>
		<subfield code="a">Nafrāwī, Aḥmad ibn Ghunaym,</subfield>
		<subfield code="d">1634?-1714.</subfield>
	</datafield>
	<datafield ind1="1" ind2="0" tag="240">
		<subfield code="6">880-02</subfield>
		<subfield code="a">Fawākih al-dawānī ʻalá Risālat Ibn Abī Zayd al-Qayrawānī</subfield>
	</datafield>
	<datafield ind1="1" ind2="3" tag="245">
		<subfield code="6">880-03</subfield>
		<subfield code="a">al-Juzʼ al-awwal[-] min kitāb al-Fawākih al-dawānī ʻalá Risālat Ibn Abī Zayd al-Qayrawānī /</subfield>
		<subfield code="c">taʼlīf al-ʻallāmah al-shaykh Aḥmad ibn Ghunaym ibn Sālim ibn Muhannā al-Nafrāwī al-Mālikī, al-mutawaffá sanat 1125 Hijrīyah raḥimahu Allāh taʻālá wa-nafaʻanā bi-hi, āmīn. Wa-bi-hāmishihi Risālat Ibn Abī Zayd al-Qayrawānī wa-huwa al-Imām Abū Muḥammad ʻAbd Allāh ibn Abī Zayd ʻAbd al-Raḥmān al-Qayrawānī, al-mutawaffá sanat 386</subfield>
	</datafield>
	<datafield ind1="3" ind2=" " tag="246">
		<subfield code="6">880-04</subfield>
		<subfield code="a">Kitāb al-Fawākih al-dawānī ʻalá Risālat Ibn Abī Zayd al-Qayrawānī</subfield>
	</datafield>
	<datafield ind1="3" ind2=" " tag="246">
		<subfield code="6">880-05</subfield>
		<subfield code="a">Fawākih al-dawānī ʻalá Risālat Ibn Abī Zayd al-Qayrawānī</subfield>
	</datafield>
	<datafield ind1=" " ind2=" " tag="250">
		<subfield code="6">880-06</subfield>
		<subfield code="a">al-Ṭabʻah al-ūlá.</subfield>
	</datafield>
	<datafield ind1=" " ind2="1" tag="264">
		<subfield code="6">880-07</subfield>
		<subfield code="a">Miṣr :</subfield>
		<subfield code="b">Maṭbaʻat al-Saʻādah bi-jiwār Muḥāfaẓat Miṣr,</subfield>
		<subfield code="c">1331 Hijrīyah [1912 or 1913]-</subfield>
	</datafield>
	<datafield ind1=" " ind2=" " tag="300">
		<subfield code="a">online resource (volumes)</subfield>
	</datafield>
	<datafield ind1=" " ind2=" " tag="336">
		<subfield code="a">text</subfield>
		<subfield code="2">rdacontent</subfield>
	</datafield>
	<datafield ind1=" " ind2=" " tag="337">
		<subfield code="a">computer</subfield>
		<subfield code="2">rdamedia</subfield>
	</datafield>
	<datafield ind1=" " ind2=" " tag="338">
		<subfield code="a">online resource</subfield>
		<subfield code="2">rdacarrier</subfield>
	</datafield>
	<datafield ind1=" " ind2=" " tag="500">
		<subfield code="6">880-08</subfield>
		<subfield code="a">ʻAlá nafaqat ḥaḍrat al-shaykh Muḍawwī ibn al-ḥājj Abī Bakr, ṣāḥib al-Maktabah al-Ahlīyah bi-al-Kharṭūm.</subfield>
	</datafield>
	<datafield ind1=" " ind2=" " tag="500">
		<subfield code="a">Part of the Arabic Collections Online (ACO) project, contributed by American University in Cairo Library.</subfield>
	</datafield>
	<datafield ind1=" " ind2=" " tag="533">
		<subfield code="a">Electronic reproduction.</subfield>
		<subfield code="b">New York, N.Y. :</subfield>
		<subfield code="c">New York University,</subfield>
		<subfield code="d">2019.</subfield>
		<subfield code="5">NNU</subfield>
	</datafield>
	<datafield ind1="1" ind2="0" tag="600">
		<subfield code="a">Ibn Abī Zayd al-Qayrawānī, ʻAbd Allāh ibn ʻAbd al-Raḥmān,</subfield>
		<subfield code="d">active 10th century.</subfield>
		<subfield code="t">Risālah.</subfield>
	</datafield>
	<datafield ind1=" " ind2="0" tag="650">
		<subfield code="a">Malikites</subfield>
		<subfield code="v">Early works to 1800.</subfield>
	</datafield>
	<datafield ind1=" " ind2="0" tag="650">
		<subfield code="a">Islamic law</subfield>
		<subfield code="v">Early works to 1800.</subfield>
	</datafield>
	<datafield ind1="0" ind2="7" tag="630">
		<subfield code="a">Risālah (Ibn Abī Zayd al-Qayrawānī, ʻAbd Allāh ibn ʻAbd al-Raḥmān)</subfield>
		<subfield code="2">fast</subfield>
		<subfield code="0">(OCoLC)fst01376274</subfield>
	</datafield>
	<datafield ind1=" " ind2="7" tag="650">
		<subfield code="a">Islamic law.</subfield>
		<subfield code="2">fast</subfield>
		<subfield code="0">(OCoLC)fst00979949</subfield>
	</datafield>
	<datafield ind1=" " ind2="7" tag="650">
		<subfield code="a">Malikites.</subfield>
		<subfield code="2">fast</subfield>
		<subfield code="0">(OCoLC)fst01006724</subfield>
	</datafield>
	<datafield ind1=" " ind2="7" tag="655">
		<subfield code="a">Early works.</subfield>
		<subfield code="2">fast</subfield>
		<subfield code="0">(OCoLC)fst01411636</subfield>
	</datafield>
	<datafield ind1="1" ind2="2" tag="700">
		<subfield code="6">880-09</subfield>
		<subfield code="a">Ibn Abī Zayd al-Qayrawānī, ʻAbd Allāh ibn ʻAbd al-Raḥmān,</subfield>
		<subfield code="d">active 10th century.</subfield>
		<subfield code="t">Risālah.</subfield>
	</datafield>
	<datafield ind1="2" ind2=" " tag="710">
		<subfield code="a">American University in Cairo.</subfield>
		<subfield code="b">Library.</subfield>
	</datafield>
	<datafield ind1="0" ind2=" " tag="730">
		<subfield code="a">Arabic Collections Online.</subfield>
	</datafield>
	<datafield ind1="0" ind2="8" tag="776">
		<subfield code="i">Print version:</subfield>
		<subfield code="a">Nafrāwī, Aḥmad ibn Ghunaym, 1634?-1714.</subfield>
		<subfield code="t">al-Juzʼ al-awwal[-] min kitāb al-Fawākih al-dawānī ʻalá Risālat Ibn Abī Zayd al-Qayrawānī</subfield>
		<subfield code="w">(UaCaAUL)b14409549</subfield>
		<subfield code="w">(OCoLC)1101183306</subfield>
	</datafield>
	<datafield ind1="4" ind2="0" tag="856">
		<subfield code="u">http://hdl.handle.net/2333.1/ksn0344f</subfield>
	</datafield>
	<datafield ind1="1" ind2=" " tag="880">
		<subfield code="6">100-01</subfield>
		<subfield code="a">نفراوي، أحمد بن غنيم،</subfield>
		<subfield code="d">1634؟-1714؟</subfield>
	</datafield>
	<datafield ind1="1" ind2="0" tag="880">
		<subfield code="6">240-02</subfield>
		<subfield code="a">فواكه الدواني على رسالة ابن أبي زيد القيرواني</subfield>
	</datafield>
	<datafield ind1="1" ind2="2" tag="880">
		<subfield code="6">245-03</subfield>
		<subfield code="a">الجزء الأول[-] من كتاب الفواكه الدواني على رسالة ابن أبي زيد القيرواني /</subfield>
		<subfield code="c">تأليف العلامة الشيخ أحمد بن غنيم بن سالم بن مهنا النفراوي المالكي، المتوفى سنة 1125 هجرية رحمه الله تعالى ونفعنا به، آمين. وبهامشه رسالة ابن أبي زيد القيرواني وهو الامام أبو محمد عبد الله بن أبي زيد عبد الرحمن القيرواني، المتوفى سنة 386</subfield>
	</datafield>
	<datafield ind1="3" ind2=" " tag="880">
		<subfield code="6">246-04</subfield>
		<subfield code="a">كتاب الفواكه الدواني على رسالة ابن أبي زيد القيرواني</subfield>
	</datafield>
	<datafield ind1="3" ind2=" " tag="880">
		<subfield code="6">246-05</subfield>
		<subfield code="a">فواكه الدواني على رسالة ابن أبي زيد القيرواني</subfield>
	</datafield>
	<datafield ind1=" " ind2=" " tag="880">
		<subfield code="6">250-06</subfield>
		<subfield code="a">الطبعة الأولى.</subfield>
	</datafield>
	<datafield ind1=" " ind2="1" tag="880">
		<subfield code="6">264-07</subfield>
		<subfield code="a">مصر :</subfield>
		<subfield code="b">مطبعة السعادة بجوار محافظة مصر،</subfield>
		<subfield code="c">1331 هجرية [1912أو 1913]-</subfield>
	</datafield>
	<datafield ind1=" " ind2=" " tag="880">
		<subfield code="6">500-08</subfield>
		<subfield code="a">على نفقة حضرة الشيخ مضوي بن الحاج أبي بكر، صاحب المكتبة الاهلية بالخرطوم.</subfield>
	</datafield>
	<datafield ind1="1" ind2="2" tag="880">
		<subfield code="6">700-09</subfield>
		<subfield code="a">ابن ابي زيد القيرواني، عبد الله بن عبد الرحمن،</subfield>
		<subfield code="d">active 10th century.</subfield>
		<subfield code="t">رسالة.</subfield>
	</datafield>
	<datafield ind1=" " ind2=" " tag="959">
		<subfield code="a">NNU</subfield>
		<subfield code="b">WEB</subfield>
		<subfield code="c">GENI</subfield>
		<subfield code="t">0</subfield>
		<subfield code="m">Electronic access</subfield>
		<subfield code="s">01</subfield>
	</datafield>
	<datafield ind1=" " ind2=" " tag="999">
		<subfield code="i">UaCaAUL_b14409549</subfield>
		<subfield code="o">(OCoLC)on1101183306</subfield>
		<subfield code="s">auc_aco001045:v.1</subfield>
		<subfield code="s">auc_aco001046:v.2</subfield>
	</datafield>
</record>
